<?xml version="1.0" encoding="UTF-8"?><collection xmlns="http://www.loc.gov/MARC21/slim"><record><leader>00399nam--2200133-i-4500</leader><controlfield tag="001">000019690</controlfield><controlfield tag="002">20161230</controlfield><controlfield tag="005">20161230201033</controlfield><controlfield tag="008">060222s1000------------r-----000-0-eng-d</controlfield><datafield ind1=" " ind2=" " tag="100"><subfield code="a">Wolfe, John.N</subfield></datafield><datafield ind1=" " ind2=" " tag="260"><subfield code="a">Environment Of The Cape Thompson Region, Alaska</subfield></datafield><datafield ind1=" " ind2=" " tag="490"><subfield code="a">Springfield, National Bureau Of Standards, 1966. Xvi + 1250 P. + 6 Plate</subfield></datafield><datafield ind1=" " ind2=" " tag="700"><subfield code="a">Wilimovsky, Norman.J</subfield></datafield><datafield ind1=" " ind2=" " tag="852"><subfield code="a">502.55:628.39</subfield></datafield></record></collection>